%include in recommendations
@article{recomendations,
  title={Overcoming electricity crisis in Pakistan: A review of sustainable electricity options},
  author={Valasai, Gordhan Das and Uqaili, Muhammad Aslam and Memon, HafeezUr Rahman and Samoo, Saleem Raza and Mirjat, Nayyar Hussain and Harijan, Khanji},
  journal={Renewable and Sustainable Energy Reviews},
  volume={72},
  pages={734--745},
  year={2017},
  publisher={Elsevier}
}
%include in conclusion
@article{husain2018donating,
  title={Donating for dams},
  author={Husain, Khurram},
  year={2018},
  publisher={Dawn}
}
%include in introduction
@article{singh2013gilgit,
  title={GILGIT BALTISTAN},
  author={Singh, Priyanka},
  year={2013}
}
